
@article{Marsaglia:64,
    title           = {Generating a Variable from the Tail of the Normal Distribution},
    author          = {George Marsaglia},
    journal         = {Technometrics},
    jstor_issuetitle = {},
    volume          = {6},
    number          = {1},
    pages           = {101--102},
    xurl            = {http://www.jstor.org/stable/1266749},
    ISSN            = {00401706},
    abstract        = {},
    language        = {English},
    year            = {1964},
    month           = {February},
    publisher       = {Taylor & Francis, Ltd. on behalf of American Statistical Association and American Society for Quality},
    copyright       = {Copyright \copyright 1964 American Statistical Association and American Society for Quality}
}

@article{Marsaglia+Tsang,
    author          = {George Marsaglia and Wai Wan Tsang},
    title           = {The Ziggurat Method for Generating Random Variables},
    journal         = {Journal of Statistical Software},
    year            = {undated},
    volume          = {5},
    number          = {i08},
    pages           = {},
    month           = {},
    xurl            = {http://ideas.repec.org/a/jss/jstsof/05i08.html}
}

@article{Doornik:05,
    author          = {Jurgen A. Doornik},
    journal         = {Communications in Statistics -- Theory and Methods},
    jrnl            = {Comm.\ Statist.\ Theor.\ and Meth.},
    title           = {An Improved Ziggurat Method to Generate Normal Random Samples},
    volume          = {26},
    number          = {5},
    pages           = {1253--1268},
    year            = {1997},
    month           = {December},
    language        = {english}
}

@article{Vose:91,
    author          = {Michael D. Vose},
    journal         = {IEEE Transactions on Software Engineering},
    title           = {A Linear Algorithm for Generating Random Numbers With a Given Distribution},
    volume          = {17},
    number          = {9},
    pages           = {972--975},
    year            = {1991},
    month           = {September},
    language        = {english}
}
